@MISC{API,
AUTHOR = {NVIDIA Corporation},
TITLE = {{CUDA Runtime API}},
YEAR = "2015",
url = "http://docs.nvidia.com/cuda/cuda-runtime-api/index.html",
NOTE = "[Online; accessed Summer 2016]",
}

@MISC{Prog_Guide,
AUTHOR = {NVIDIA Corporation},
TITLE = {{CUDA Programming Guide}},
YEAR = "2015",
url = "http://docs.nvidia.com/cuda/cuda-c-programming-guide/index.html",
NOTE = "[Online; accessed Summer 2016]",
}
